@misc{hh,
 title={HeadHunter},
 url={https://spb.hh.ru/}
}
@misc{conspect,
 title={Письменный, Д. Т. Конспект лекций по высшей математике: полный курс
/ Д. Т. Письменный. – 10-е изд., испр. – М.: Айрис-пресс, 2011. – 608 с.:
ил. – (Высшее образование).},
}

